%% This BibTeX bibliography file was created using BibDesk.
%% https://bibdesk.sourceforge.io/

%% Created for Sebastian Allmeier at 2021-06-30 13:36:14 +0200 


%% Saved with string encoding Unicode (UTF-8) 



@article{mezard1987sk,
	author = {M{\'e}zard, Marc and Parisi, Giorgio and Virasoro, Miguel Angel},
	date-modified = {2021-06-30 13:36:14 +0200},
	journal = {World Scientific Publishing Company},
	pages = {232--237},
	title = {Spin glass theory and beyond: An Introduction to the Replica Method and Its Applications},
	year = {1987}}

@article{baccelli2019replica,
	author = {Baccelli, Fran{\c{c}}ois and Taillefumier, Thibaud},
	journal = {SIAM Journal on Applied Dynamical Systems},
	number = {4},
	pages = {1756--1797},
	publisher = {SIAM},
	title = {Replica-mean-field limits for intensity-based neural networks},
	volume = {18},
	year = {2019}}

@article{hirade1,
	acmid = {1841342},
	address = {Institute for Operations Research and the Management Sciences (INFORMS), Linthicum, Maryland, USA},
	author = {Hirade, R. and Osogami, T.},
	doi = {10.1287/opre.1090.0761},
	issn = {0030-364X},
	issue_date = {July 2010},
	journal = {Oper. Res.},
	keywords = {algorithms, analysis, cache, computers/computer science, fluid limit, invalidation, least recently used, page replacement policies, probability, two queue},
	month = jul,
	numpages = {14},
	pages = {971--984},
	publisher = {INFORMS},
	title = {Analysis of Page Replacement Policies in the Fluid Limit},
	url = {http://dx.doi.org/10.1287/opre.1090.0761},
	volume = {58},
	year = {2010},
	Bdsk-Url-1 = {http://dx.doi.org/10.1287/opre.1090.0761}}

@article{tsukada1,
	acmid = {2343446},
	address = {Amsterdam, The Netherlands, The Netherlands},
	author = {Tsukada, N. and Hirade, R. and Miyoshi, N.},
	doi = {10.1016/j.peva.2012.05.008},
	issn = {0166-5316},
	issue_date = {September, 2012},
	journal = {Perform. Eval.},
	keywords = {Caching algorithms, First-in first-out, Fluid limit analysis, Mean field interaction models, Random replacement},
	month = sep,
	number = {9},
	numpages = {10},
	pages = {403--412},
	publisher = {Elsevier Science Publishers B. V.},
	title = {Fluid Limit Analysis of {FIFO} and {RR} Caching for Independent Reference Models},
	url = {http://dx.doi.org/10.1016/j.peva.2012.05.008},
	volume = {69},
	year = {2012},
	Bdsk-Url-1 = {http://dx.doi.org/10.1016/j.peva.2012.05.008}}

@article{casale2020performance,
	author = {Casale, Giuliano and Gast, Nicolas},
	journal = {IEEE/ACM Transactions on Networking},
	publisher = {IEEE},
	title = {Performance analysis methods for list-based caches with non-uniform access},
	year = {2020}}

@inproceedings{fricker2012versatile,
	author = {Fricker, Christine and Robert, Philippe and Roberts, James},
	booktitle = {2012 24th international teletraffic congress (ITC 24)},
	organization = {IEEE},
	pages = {1--8},
	title = {A versatile and accurate approximation for {LRU} cache performance},
	year = {2012}}

@inproceedings{gast2016asymptotically,
	author = {Gast, Nicolas and Van Houdt, Benny},
	booktitle = {2016 28th International Teletraffic Congress (ITC 28)},
	organization = {IEEE},
	pages = {157--165},
	title = {Asymptotically exact {TTL}-approximations of the cache replacement algorithms {LRU} (m) and h-{LRU}},
	volume = {1},
	year = {2016}}

@article{jiang2018convergence,
	author = {Jiang, Bo and Nain, Philippe and Towsley, Don},
	journal = {ACM Transactions on Modeling and Performance Evaluation of Computing Systems (TOMPECS)},
	number = {4},
	pages = {1--31},
	publisher = {ACM New York, NY, USA},
	title = {On the convergence of the {TTL} approximation for an {LRU} cache under independent stationary request processes},
	volume = {3},
	year = {2018}}

@inproceedings{dan1990approximate,
	author = {Dan, Asit and Towsley, Don},
	booktitle = {Proceedings of the 1990 ACM SIGMETRICS conference on Measurement and modeling of computer systems},
	pages = {143--152},
	title = {An approximate analysis of the LRU and FIFO buffer replacement schemes},
	year = {1990}}

@misc{rmfTool2018,
	author = {Gast, Nicolas},
	commit = {f9825234a876ba0607670deec0f9daf1542bd8a6},
	howpublished = {\url{https://github.com/ngast/rmf_tool}},
	journal = {GitHub repository},
	publisher = {GitHub},
	title = {Refined Mean Field Tool},
	year = {2018}}

@misc{githubPaper2018,
  title={Size expansions of mean field approximation: Transient and steady-state analysis},
  author={Gast, Nicolas and Bortolussi, Luca and Tribastone, Mirco},
  journal={Performance Evaluation},
  volume={129},
  pages={60--80},
  year={2019},
  publisher={Elsevier}
}


@book{wilkinson_stochastic_2011,
	author = {Wilkinson, D. J},
	publisher = {CRC Press, Inc.},
	title = {Stochastic {Modelling} for {Systems} {Biology}, 2nd edition},
	year = {2011}}

@book{murray:i,
	author = {James D. Murray},
	date-added = {2018-07-17 08:19:39 +0000},
	date-modified = {2018-07-17 08:19:39 +0000},
	edition = {3rd},
	keywords = {reaction-diffusion;pde},
	publisher = {Springer},
	title = {Mathematical Biology I: An Introduction},
	year = {2002}}

@book{wilkinson2006,
	author = {Wilkinson, D. {\textasciitilde}J},
	publisher = {Chapman \& Hall},
	title = {Stochastic {Modelling} for {Systems} {Biology}},
	year = {2006}}

@book{andersson2000,
	author = {Andersson, H. and Britton, T.},
	publisher = {Springer-Verlag},
	title = {Stochastic {Epidemic} {Models} and {Their} {Statistical} {Analysis}},
	year = {2000}}

@inproceedings{che2001analysis,
	author = {Che, Hao and Wang, Zhijun and Tung, Ye},
	booktitle = {INFOCOM 2001. Twentieth Annual Joint Conference of the IEEE Computer and Communications Societies. Proceedings. IEEE},
	organization = {IEEE},
	pages = {1416--1424},
	title = {Analysis and design of hierarchical web caching systems},
	volume = {3},
	year = {2001}}

@article{fagin1977asymptotic,
	author = {Fagin, Ronald},
	journal = {Journal of Computer and System Sciences},
	number = {2},
	pages = {222--250},
	publisher = {Elsevier},
	title = {Asymptotic miss ratios over independent references},
	volume = {14},
	year = {1977}}

@article{ina2012,
	author = {Thomas, Philipp and Matuschek, Hannes and Grima, Ramon},
	doi = {10.1371/journal.pone.0038518},
	journal = {PLoS ONE},
	number = {6},
	pages = {e38518},
	shorttitle = {Intrinsic {Noise} {Analyzer}},
	title = {Intrinsic {Noise} {Analyzer}: {A} {Software} {Package} for the {Exploration} of {Stochastic} {Biochemical} {Kinetics} {Using} the {System} {Size} {Expansion}},
	url = {http://dx.plos.org/10.1371/journal.pone.0038518},
	volume = {7},
	year = {2012},
	Bdsk-Url-1 = {http://dx.plos.org/10.1371/journal.pone.0038518},
	Bdsk-Url-2 = {https://doi.org/10.1371/journal.pone.0038518}}

@book{vankampen2007,
	address = {Amsterdam; Boston; London},
	author = {van Kampen, N. G.},
	isbn = {978-0-444-52965-7 0-444-52965-9 978-0-08-047536-3 0-08-047536-1},
	publisher = {Elsevier},
	title = {Stochastic processes in physics and chemistry},
	year = {2007}}

@article{schnoerr2015,
	author = {Schnoerr, David and Sanguinetti, Guido and Grima, Ramon},
	doi = {10.1063/1.4934990},
	journal = {The Journal of Chemical Physics},
	number = {18},
	pages = {185101},
	title = {Comparison of different moment-closure approximations for stochastic chemical kinetics},
	volume = {143},
	year = {2015},
	Bdsk-Url-1 = {https://doi.org/10.1063/1.4934990}}

@article{schnoerr2014,
	author = {Schnoerr, David and Sanguinetti, Guido and Grima, Ramon},
	doi = {10.1063/1.4892838},
	journal = {The Journal of Chemical Physics},
	number = {8},
	pages = {084103},
	title = {Validity conditions for moment closure approximations in stochastic chemical kinetics},
	volume = {141},
	year = {2014},
	Bdsk-Url-1 = {https://doi.org/10.1063/1.4892838}}

@article{ina2013,
	author = {Thomas, Philipp and Matuschek, Hannes and Grima, Ramon},
	file = {Thomas et al. - Computation of biochemical pathway ?uctuations bey.pdf:/Users/luca/Zotero/storage/A9WSDHZA/Thomas et al. - Computation of biochemical pathway ?uctuations bey.pdf:application/pdf},
	language = {en},
	pages = {5},
	title = {Computation of biochemical pathway ?uctuations beyond the linear noise approximation using {iNA}},
	year = {2013}}

@article{grima2012study,
	author = {Grima, Ramon},
	journal = {The Journal of chemical physics},
	number = {15},
	pages = {04B616},
	publisher = {AIP},
	title = {A study of the accuracy of moment-closure approximations for stochastic chemical kinetics},
	volume = {136},
	year = {2012}}

@article{grima2010effective,
	author = {Grima, Ramon},
	journal = {The Journal of chemical physics},
	number = {3},
	pages = {07B604},
	publisher = {AIP},
	title = {An effective rate equation approach to reaction kinetics in small volumes: Theory and application to biochemical reactions in nonequilibrium steady-state conditions},
	volume = {133},
	year = {2010}}

@article{grima2011,
	author = {Grima, Ramon and Thomas, Philipp and Straube, Arthur V.},
	journal = {The Journal of Chemical Physics},
	number = {8},
	title = {How accurate are the nonlinear chemical {Fokker}-{Planck} and chemical {Langevin} equations?},
	volume = {135},
	year = {2011}}

@article{ale2013general,
	author = {Ale, Angelique and Kirk, Paul and Stumpf, Michael PH},
	journal = {The Journal of chemical physics},
	number = {17},
	pages = {174101},
	publisher = {AIP},
	title = {A general moment expansion method for stochastic kinetic models},
	volume = {138},
	year = {2013}}

@article{gillespie2009moment,
	author = {Gillespie, Colin S},
	journal = {IET systems biology},
	number = {1},
	pages = {52--58},
	publisher = {IET},
	title = {Moment-closure approximations for mass-action models},
	volume = {3},
	year = {2009}}

@article{CERENA2016,
	author = {Kazeroonian, Atefeh and Frohlich, Fabian and Raue, Andreas and Theis, Fabian J. and Hasenauer, Jan},
	journal = {PloS one},
	number = {1},
	pages = {e0146732},
	shorttitle = {{CERENA}},
	title = {{CERENA}: {ChEmical} {REaction} {Network} {Analyzer}?{A} {Toolbox} for the {Simulation} and {Analysis} of {Stochastic} {Chemical} {Kinetics}},
	volume = {11},
	year = {2016}}

@article{braverman2017stein,
	author = {Braverman, Anton and Dai, Jim},
	journal = {The Annals of Applied Probability},
	number = {1},
	pages = {550--581},
	publisher = {Institute of Mathematical Statistics},
	title = {Stein's method for steady-state diffusion approximations of $ M/Ph/n+ M $ systems},
	volume = {27},
	year = {2017}}

@article{braverman2017stein2,
	author = {Braverman, Anton and Dai, JG and Feng, Jiekun},
	journal = {Stochastic Systems},
	number = {2},
	pages = {301--366},
	publisher = {INFORMS},
	title = {Stein's method for steady-state diffusion approximations: an introduction through the Erlang-A and Erlang-C models},
	volume = {6},
	year = {2017}}

@article{ying2017stein,
	author = {Ying, Lei},
	journal = {Proceedings of the ACM on Measurement and Analysis of Computing Systems},
	number = {1},
	pages = {12},
	publisher = {ACM},
	title = {Stein's Method for Mean Field Approximations in Light and Heavy Traffic Regimes},
	volume = {1},
	year = {2017}}

@misc{scipy,
	author = {Eric Jones and Travis Oliphant and Pearu Peterson and others},
	note = {[Online; accessed 2017-06-15]},
	title = {{SciPy}: Open source scientific tools for {Python}},
	url = {http://www.scipy.org/},
	year = {2001--},
	Bdsk-Url-1 = {http://www.scipy.org/}}

@article{bartels1972solution,
	author = {Bartels, Richard H. and Stewart, George W},
	journal = {Communications of the ACM},
	number = {9},
	pages = {820--826},
	publisher = {ACM},
	title = {Solution of the matrix equation AX+ XB= C [F4]},
	volume = {15},
	year = {1972}}

@article{chen2012projection,
	author = {Chen, Zhen and Lu, LinZhang},
	journal = {Science China Mathematics},
	number = {6},
	pages = {1281--1292},
	publisher = {Springer},
	title = {A projection method and Kronecker product preconditioner for solving Sylvester tensor equations},
	volume = {55},
	year = {2012}}

@article{massoulie1,
	acmid = {1064215},
	address = {New York, NY, USA},
	author = {Massouli{\'e}, L. and Vojnovi\'{c}, M.},
	doi = {10.1145/1071690.1064215},
	issn = {0163-5999},
	issue_date = {June 2005},
	journal = {SIGMETRICS Perform. Eval. Rev.},
	keywords = {content distribution, file swarming, peer-to-peer},
	month = jun,
	number = {1},
	pages = {2--13},
	publisher = {ACM},
	title = {Coupon Replication Systems},
	url = {http://doi.acm.org/10.1145/1071690.1064215},
	volume = {33},
	year = {2005},
	Bdsk-Url-1 = {http://doi.acm.org/10.1145/1071690.1064215},
	Bdsk-Url-2 = {https://doi.org/10.1145/1071690.1064215}}

@article{minnebo2,
	author = {W. Minnebo and Van Houdt, B.},
	issue = {3},
	journal = {IEEE/ACM Transactions on Networking},
	pages = {996-1006},
	title = {A Fair Comparison of Pull and Push Strategies in Large Distributed Networks},
	volume = {22},
	year = {2014}}

@article{xie1,
	acmid = {2745849},
	address = {New York, NY, USA},
	author = {Xie, Q. and Dong, X. and Lu, Y. and Srikant, R.},
	doi = {10.1145/2796314.2745849},
	issn = {0163-5999},
	issue_date = {June 2015},
	journal = {SIGMETRICS Perform. Eval. Rev.},
	keywords = {fluid limit analysis, loss model, randomized algorithms, resource allocation, virtual machine assignment},
	month = jun,
	number = {1},
	pages = {321--334},
	publisher = {ACM},
	title = {Power of D Choices for Large-Scale Bin Packing: A Loss Model},
	url = {http://doi.acm.org/10.1145/2796314.2745849},
	volume = {43},
	year = {2015},
	Bdsk-Url-1 = {http://doi.acm.org/10.1145/2796314.2745849},
	Bdsk-Url-2 = {https://doi.org/10.1145/2796314.2745849}}

@inproceedings{mitzenmacher2016analyzing,
	author = {Mitzenmacher, Michael},
	booktitle = {Communication, Control, and Computing (Allerton), 2016 54th Annual Allerton Conference on},
	organization = {IEEE},
	pages = {312--318},
	title = {Analyzing distributed Join-Idle-Queue: A fluid limit approach},
	year = {2016}}

@article{gibbens1990bistability,
	author = {Gibbens, RJ and Hunt, PJ and Kelly, FP},
	journal = {Disorder in physical systems},
	pages = {113--128},
	publisher = {Oxford University Press New York},
	title = {Bistability in communication networks},
	year = {1990}}

@article{cho2012asymptotic,
	author = {Cho, Jeong-woo and Le Boudec, Jean-Yves and Jiang, Yuming},
	journal = {IEEE Transactions on Information Theory},
	number = {11},
	pages = {6879--6893},
	publisher = {IEEE},
	title = {On the asymptotic validity of the decoupling assumption for analyzing 802.11 MAC protocol},
	volume = {58},
	year = {2012}}

@article{gast2017expected,
	author = {Gast, Nicolas},
	journal = {Proceedings of the ACM on Measurement and Analysis of Computing Systems},
	number = {1},
	pages = {17},
	publisher = {ACM},
	title = {Expected values estimated via mean-field approximation are 1/N-accurate},
	volume = {1},
	year = {2017}}

@article{luczak2006maximum,
	author = {Luczak, Malwina J and McDiarmid, Colin},
	journal = {The Annals of Probability},
	pages = {493--527},
	publisher = {JSTOR},
	title = {On the maximum queue length in the supermarket model},
	year = {2006}}

@article{luczak2007asymptotic,
	author = {Luczak, Malwina J and McDiarmid, Colin},
	journal = {arXiv preprint arXiv:0712.2091},
	publisher = {Citeseer},
	title = {Asymptotic distributions and chaos for the supermarket model},
	year = {2007}}

@article{cho2010validity,
	author = {Cho, Jeong-woo and Le Boudec, Jean-Yves and Jiang, Yuming},
	journal = {ACM SIGMETRICS Performance Evaluation Review},
	number = {2},
	pages = {36--38},
	publisher = {ACM},
	title = {On the validity of the fixed point equation and decoupling assumption for analyzing the 802.11 mac protocol},
	volume = {38},
	year = {2010}}

@article{eschenfeldt2016supermarket,
	author = {Eschenfeldt, Patrick and Gamarnik, David},
	journal = {arXiv preprint arXiv:1610.03522},
	title = {Supermarket queueing system in the heavy traffic regime. Short queue dynamics},
	year = {2016}}

@article{stein1986approximate,
	author = {Stein, Charles},
	journal = {Lecture Notes-Monograph Series},
	pages = {i--164},
	publisher = {JSTOR},
	title = {Approximate computation of expectations},
	volume = {7},
	year = {1986}}

@inproceedings{shah2014performance,
	author = {Shah, Virag and de Veciana, Gustavo},
	booktitle = {IEEE INFOCOM 2014-IEEE Conference on Computer Communications},
	organization = {IEEE},
	pages = {2607--2615},
	title = {Performance evaluation and asymptotics for content delivery networks},
	year = {2014}}

@article{bortolussi2013bounds,
	author = {Bortolussi, Luca and Hayden, Richard A},
	journal = {Performance Evaluation},
	number = {10},
	pages = {736--749},
	publisher = {Elsevier},
	title = {Bounds on the deviation of discrete-time Markov chains from their mean-field model},
	volume = {70},
	year = {2013}}

@article{cecchi2015mean,
	author = {Cecchi, F and Borst, SC and van Leeuwaarden, JSH},
	journal = {ACM SIGMETRICS Performance Evaluation Review},
	number = {2},
	pages = {13--15},
	publisher = {ACM},
	title = {Mean-field analysis of ultra-dense csma networks},
	volume = {43},
	year = {2015}}

@article{baccelli1992mean,
	author = {Baccelli, F and Karpelevich, FI and Kelbert, M Ya and Puhalskii, AA and Rybko, AN and Suhov, Yu M},
	journal = {Journal of statistical physics},
	number = {3-4},
	pages = {803--825},
	publisher = {Springer},
	title = {A mean-field limit for a class of queueing networks},
	volume = {66},
	year = {1992}}

@article{lu2011join,
	author = {Lu, Yi and Xie, Qiaomin and Kliot, Gabriel and Geller, Alan and Larus, James R and Greenberg, Albert},
	journal = {Performance Evaluation},
	number = {11},
	pages = {1056--1071},
	publisher = {Elsevier},
	title = {Join-Idle-Queue: A novel load balancing algorithm for dynamically scalable web services},
	volume = {68},
	year = {2011}}

@article{tsitsiklis2011power,
	author = {Tsitsiklis, John N and Xu, Kuang},
	journal = {ACM SIGMETRICS Performance Evaluation Review},
	number = {1},
	pages = {121--132},
	publisher = {ACM},
	title = {On the power of (even a little) centralization in distributed processing},
	volume = {39},
	year = {2011}}

@article{ying2016twochoice,
	author = {Lei Ying},
	bibsource = {dblp computer science bibliography, http://dblp.org},
	biburl = {http://dblp.uni-trier.de/rec/bib/journals/corr/Ying16},
	journal = {CoRR},
	timestamp = {Wed, 01 Jun 2016 15:51:08 +0200},
	title = {On the Rate of Convergence of the Power-of-Two-Choices to its Mean-Field Limit},
	url = {http://arxiv.org/abs/1605.06581},
	volume = {abs/1605.06581},
	year = {2016},
	Bdsk-Url-1 = {http://arxiv.org/abs/1605.06581}}

@unpublished{gast2016working2,
	author = {Gast, Nicolas},
	note = {working paper},
	title = {Differentiability of the Solution of a Poisson Equation Associated to an ODE},
	year = {2016}}

@unpublished{gast2016working,
	author = {Gast, Nicolas},
	note = {working paper},
	title = {The Rate of Convergence of Mean-field Approximation is 1/N},
	year = {2016}}

@article{khalil2002nonlinear,
	author = {Khalil, Hassan},
	publisher = {Prentice Hall},
	title = {Nonlinear Systems},
	year = {2002}}

@phdthesis{mitzenmacher1996power,
	author = {Mitzenmacher, Michael David},
	school = {PhD thesis, Graduate Division of the University of California at Berkley},
	title = {The Power of Two Random Choices in Randomized Load Balancing},
	year = {1996}}

@article{mitzenmacher2001power,
	author = {Mitzenmacher, Michael},
	journal = {IEEE Transactions on Parallel and Distributed Systems},
	number = {10},
	pages = {1094--1104},
	publisher = {IEEE},
	title = {The power of two choices in randomized load balancing},
	volume = {12},
	year = {2001}}

@article{vvedenskaya1996queueing,
	author = {Vvedenskaya, Nikita Dmitrievna and Dobrushin, Roland L'vovich and Karpelevich, Fridrikh Izrailevich},
	journal = {Problemy Peredachi Informatsii},
	number = {1},
	pages = {20--34},
	publisher = {Russian Academy of Sciences, Branch of Informatics, Computer Equipment and Automatization},
	title = {Queueing system with selection of the shortest of two queues: An asymptotic approach},
	volume = {32},
	year = {1996}}

@book{eldering2013normally,
	author = {Eldering, Jaap},
	publisher = {Berlin: Springer},
	title = {Normally Hyperbolic Invariant Manifolds---the Noncompact Case (Atlantis Series in Dynamical Systems vol 2)},
	year = {2013}}

@article{gast2010mean,
	acmid = {1811042},
	address = {New York, NY, USA},
	author = {Gast, Nicolas and Bruno, Gaujal},
	doi = {10.1145/1811099.1811042},
	issn = {0163-5999},
	issue_date = {June 2010},
	journal = {SIGMETRICS Perform. Eval. Rev.},
	keywords = {grid computing, load balancing, mean field},
	month = jun,
	number = {1},
	numpages = {12},
	pages = {13--24},
	publisher = {ACM},
	title = {A Mean Field Model of Work Stealing in Large-scale Systems},
	url = {http://doi.acm.org/10.1145/1811099.1811042},
	volume = {38},
	year = {2010},
	Bdsk-Url-1 = {http://doi.acm.org/10.1145/1811099.1811042},
	Bdsk-Url-2 = {https://doi.org/10.1145/1811099.1811042}}

@inproceedings{gast2015transient,
	author = {Gast, Nicolas and Van Houdt, Benny},
	booktitle = {Proceedings of the 2015 ACM SIGMETRICS International Conference on Measurement and Modeling of Computer Systems},
	organization = {ACM},
	pages = {123--136},
	title = {Transient and steady-state regime of a family of list-based cache replacement algorithms},
	year = {2015}}

@inproceedings{gast2015transient_short,
	author = {Gast, Nicolas and Van Houdt, Benny},
	booktitle = {Proceedings of the 2015 ACM SIGMETRICS},
	organization = {ACM},
	pages = {123--136},
	title = {Transient and steady-state regime of a family of list-based cache replacement algorithms},
	year = {2015}}

@book{cartan1977cours,
	author = {Cartan, Henri},
	publisher = {Hermann},
	title = {Cours de calcul diff{\'e}rentiel},
	year = {1977}}

@article{che1,
	author = {H. Che and Y. Tung and Z. Wang},
	issue_date = {Sept, 2002},
	journal = {IEEE J.Sel. A. Commun.},
	number = {7},
	pages = {1305-1314},
	title = {Hierarchical Web caching systems: modeling, design and experimental results},
	volume = {20},
	year = {2002}}

@book{kurtz_book,
	author = {Ethier, Stewart N. and Kurtz, Thomas G.},
	publisher = {Wiley},
	title = {Markov processes: characterization and convergence},
	volume = {282},
	year = {2009}}

@article{kurtz1978strong,
	author = {Kurtz, Thomas G},
	journal = {Stochastic Processes and Their Applications},
	number = {3},
	pages = {223--240},
	publisher = {Elsevier},
	title = {Strong approximation theorems for density dependent Markov chains},
	volume = {6},
	year = {1978}}

@article{kolokoltsov2011mean,
	author = {Kolokoltsov, Vassili N and Li, Jiajie and Yang, Wei},
	journal = {arXiv preprint arXiv:1112.3744},
	title = {Mean field games and nonlinear Markov processes},
	year = {2011}}

@article{kurtz70,
	author = {Kurtz, Thomas G},
	journal = {Journal of Applied Probability},
	pages = {49--58},
	title = {Solutions of {Ordinary} {Differential} {Equations} as {Limits} of {Pure} {Jump} {Markov} {Processes}},
	volume = {7},
	year = {1970}}

@inproceedings{ying2016rate,
	author = {Ying, Lei},
	booktitle = {Proceedings of the 2016 ACM SIGMETRICS International Conference on Measurement and Modeling of Computer Science},
	organization = {ACM},
	pages = {285--297},
	title = {On the Approximation Error of Mean-Field Models},
	year = {2016}}

@article{ying2015rate,
	author = {Ying, Lei},
	journal = {arXiv preprint arXiv:1510.00761},
	title = {On the Rate of Convergence of Mean-Field Models: Stein's Method Meets the Perturbation Theory},
	year = {2015}}

@inproceedings{van2013mean,
	author = {Van Houdt, Benny},
	booktitle = {ACM SIGMETRICS Performance Evaluation Review},
	number = {1},
	organization = {ACM},
	pages = {191--202},
	title = {A mean field model for a class of garbage collection algorithms in flash-based solid state drives},
	volume = {41},
	year = {2013}}

@article{chaintreau2009age,
	acmid = {1555363},
	address = {New York, NY, USA},
	author = {Chaintreau, Augustin and Le Boudec, Jean-Yves and Ristanovic, Nikodin},
	doi = {10.1145/2492101.1555363},
	issn = {0163-5999},
	issue_date = {June 2009},
	journal = {SIGMETRICS Perform. Eval. Rev.},
	keywords = {dynamic content, epidemic, gossip, infrastructure deployment, mean field, updates},
	month = jun,
	number = {1},
	numpages = {12},
	pages = {109--120},
	publisher = {ACM},
	title = {The Age of Gossip: Spatial Mean Field Regime},
	url = {http://doi.acm.org/10.1145/2492101.1555363},
	volume = {37},
	year = {2009},
	Bdsk-Url-1 = {http://doi.acm.org/10.1145/2492101.1555363},
	Bdsk-Url-2 = {https://doi.org/10.1145/2492101.1555363}}

@article{benaim2008class,
	author = {Benaim, Michel and Le Boudec, Jean-Yves},
	journal = {Performance Evaluation},
	number = {11},
	pages = {823--838},
	publisher = {Elsevier},
	title = {A class of mean field interaction models for computer and communication systems},
	volume = {65},
	year = {2008}}

@article{khouzani2012maximum,
	author = {Khouzani, MHR and Sarkar, Saswati and Altman, Eitan},
	journal = {IEEE/ACM Transactions on Networking},
	number = {5},
	pages = {1347--1360},
	publisher = {IEEE},
	title = {Maximum damage malware attack in mobile wireless networks},
	volume = {20},
	year = {2012}}

@article{roth2013stochastic,
	author = {Roth, Gr{\'e}gory and Sandholm, William H},
	journal = {SIAM Journal on Control and Optimization},
	number = {1},
	pages = {525--555},
	publisher = {SIAM},
	title = {Stochastic approximations with constant step size and differential inclusions},
	volume = {51},
	year = {2013}}

@article{gast2012markov,
	author = {Gast, N. and Gaujal, B.},
	journal = {Performance Evaluation},
	number = {12},
	pages = {623--642},
	publisher = {Elsevier},
	title = {Markov chains with discontinuous drifts have differential inclusion limits},
	volume = {69},
	year = {2012}}
